@inproceedings{atkey2013productive,
	title={Productive coprogramming with guarded recursion},
	author={Atkey, Robert and McBride, Conor},
	booktitle={ACM SIGPLAN Notices},
	volume={48},
	number={9},
	pages={197--208},
	year={2013},
	organization={ACM}
}